@ARTICLE{6846313, 
author={Gangwon Jo and Jeongho Nah and Jun Lee and Jungwon Kim and Jaejin Lee}, 
journal={Parallel and Distributed Systems, IEEE Transactions on}, 
title={Accelerating LINPACK with MPI-OpenCL on Clusters of Multi-GPU Nodes}, 
year={2015}, 
volume={26}, 
number={7}, 
pages={1814-1825}, 
keywords={graphics processing units;message passing;parallel processing;HPL;LINPACK benchmark;MPI-OpenCL;blocked LU decomposition algorithm;eight-core CPU;heterogeneous computing systems;high performance LINPACK;high performance computing systems;multiGPU node clusters;open standard;Benchmark testing;Clustering algorithms;Graphics processing units;Kernel;Matrix decomposition;Optimization;Programming;Cluster;GPU;OpenCL;heterogeneous computing;high performance LINPACK}, 
doi={10.1109/TPDS.2014.2321742}, 
ISSN={1045-9219}, 
month={July},}

@MISC{Ramalho08thelinpack,
    author = {Emanuel Caldeira Ramalho and Emanuel Caldeira Ramalho},
    title = {The LINPACK Benchmark on a Multi-Core Multi-FPGA System},
    year = {2008}
}

@inproceedings{Fatica:2009:ALC:1513895.1513901,
 author = {Fatica, Massimiliano},
 title = {Accelerating Linpack with CUDA on Heterogenous Clusters},
 booktitle = {Proceedings of 2Nd Workshop on General Purpose Processing on Graphics Processing Units},
 series = {GPGPU-2},
 year = {2009},
 isbn = {978-1-60558-517-8},
 location = {Washington, D.C., USA},
 pages = {46--51},
 numpages = {6},
 url = {http://doi.acm.org/10.1145/1513895.1513901},
 doi = {10.1145/1513895.1513901},
 acmid = {1513901},
 publisher = {ACM},
 address = {New York, NY, USA},
} 

@ARTICLE{Dongarra03thelinpack,
    author = {Jack J. Dongarra and Piotr Luszczek and Antoine Petitet},
    title = {The LINPACK benchmark: Past, present, and future. Concurrency and Computation: Practice and Experience},
    journal = {Concurrency and Computation: Practice and Experience},
    year = {2003},
    volume = {15},
    pages = {2003}
}

@INPROCEEDINGS{4101002, 
author={Turkington, K. and Masselos, K. and Constantinides, G.A. and Leong, P.}, 
booktitle={Field Programmable Logic and Applications, 2006. FPL '06. International Conference on}, 
title={FPGA Based Acceleration of the Linpack Benchmark: A High Level Code Transformation Approach}, 
year={2006}, 
pages={1-6}, 
keywords={field programmable gate arrays;floating point arithmetic;microprocessor chips;optimising compilers;FPGA;LINPACK benchmark;field programmable gate array;floating point computation;high end microprocessor;high level code transformation;large scale scientific application;monolithic memory model;optimization;parallel Handel-C description;program compiler;reconfigurable computing;sequential C description;Acceleration;Application software;Design optimization;Educational institutions;Field programmable gate arrays;Floating-point arithmetic;Hardware;Microprocessors;Parallel processing;Pipeline processing}, 
doi={10.1109/FPL.2006.311240}, 
month={Aug},}
